% Encoding: UTF-8

@Article{Deniss2016,
  author  = {Deniss, William and Bradley, John},
  title   = {OAuth 2.0 for Native Apps},
  journal = {Internet Engineering Task Force, Internet-Draft draft-ietf-oauthnative-apps-05},
  year    = {2016},
}

@InProceedings{Chen2014,
  author    = {Chen, Eric Y and Pei, Yutong and Chen, Shuo and Tian, Yuan and Kotcher, Robert and Tague, Patrick},
  title     = {Oauth demystified for mobile application developers},
  booktitle = {Proceedings of the 2014 ACM SIGSAC conference on computer and communications security},
  year      = {2014},
}

@InProceedings{Hu2014,
  author    = {Hu, Pili and Yang, Ronghai and Li, Yue and Lau, Wing Cheong},
  title     = {Application impersonation: problems of OAuth and API design in online social networks},
  booktitle = {Proceedings of the second ACM conference on Online social networks},
  year      = {2014},
}

@Article{Ferry2015,
  author  = {Ferry, Eugene and Raw, John O and Curran, Kevin},
  title   = {Security evaluation of the OAuth 2.0 framework},
  journal = {Information \& Computer Security},
  year    = {2015},
}

@Comment{jabref-meta: databaseType:biblatex;}
